<collection xmlns="http://www.loc.gov/MARC21/slim">
<record>
  <leader>01538nam0a2200301 i 450 </leader>
  <controlfield tag="001">IT\ICCU\CNCE\019289</controlfield>
  <controlfield tag="005">20070723000000.0</controlfield>
  <datafield tag="012" ind1=" " ind2=" ">
    <subfield code="a">tore teti teti titi (C) 1505 (R)</subfield>
    <subfield code="2">fei</subfield>
  </datafield>
  <datafield tag="100" ind1=" " ind2=" ">
    <subfield code="a">19970101d1505        0itac0103    ba</subfield>
  </datafield>
  <datafield tag="101" ind1=" " ind2=" ">
    <subfield code="a">ITA</subfield>
  </datafield>
  <datafield tag="102" ind1=" " ind2=" ">
    <subfield code="a">IT</subfield>
  </datafield>
  <datafield tag="200" ind1="1" ind2=" ">
    <subfield code="a">Historia de Fiorio &amp; Biancifiore</subfield>
  </datafield>
  <datafield tag="210" ind1=" " ind2=" ">
    <subfield code="e">Impressum Medialani \!!</subfield>
    <subfield code="g">per Petrum Martirem de Mantegaciis</subfield>
    <subfield code="g">ad instanciam Iohannis Iacobi &amp; fratrum de Legnano</subfield>
    <subfield code="h">1505 die XXVII Septembris</subfield>
  </datafield>
  <datafield tag="215" ind1=" " ind2=" ">
    <subfield code="a">\8! c.</subfield>
    <subfield code="d">4ʻ</subfield>
  </datafield>
  <datafield tag="500" ind1="1" ind2="1">
    <subfield code="3">IT\ICCU\CNCE\019284</subfield>
    <subfield code="a">Florio e Biancofiore</subfield>
  </datafield>
  <datafield tag="620" ind1=" " ind2=" ">
    <subfield code="a">IT</subfield>
    <subfield code="d">Milano</subfield>
  </datafield>
  <datafield tag="712" ind1="0" ind2="0">
    <subfield code="a">Mantegazza, Pietro Martire</subfield>
    <subfield code="3">IT\ICCU\CNCT\000198</subfield>
    <subfield code="4">650</subfield>
  </datafield>
  <datafield tag="712" ind1="0" ind2="0">
    <subfield code="a">Da_Legnano, Giovanni Giacomo &amp; fratelli</subfield>
    <subfield code="3">IT\ICCU\CNCT\001554</subfield>
    <subfield code="4">650</subfield>
  </datafield>
  <datafield tag="791" ind1="0" ind2="2">
    <subfield code="a">Pietro Martire Cassano</subfield>
    <subfield code="3">IT\ICCU\CNCT\003509</subfield>
    <subfield code="z">Mantegazza, Pietro Martire</subfield>
  </datafield>
  <datafield tag="791" ind1="0" ind2="0">
    <subfield code="a">Cassano, Pietro Martire</subfield>
    <subfield code="3">IT\ICCU\CNCT\003510</subfield>
    <subfield code="z">Mantegazza, Pietro Martire</subfield>
  </datafield>
  <datafield tag="791" ind1="0" ind2="0">
    <subfield code="a">Mantegatiis, Petrus Martyr de</subfield>
    <subfield code="3">IT\ICCU\CNCT\005002</subfield>
    <subfield code="z">Mantegazza, Pietro Martire</subfield>
  </datafield>
  <datafield tag="791" ind1="0" ind2="0">
    <subfield code="a">Mantegaciis, Petrus Martir de</subfield>
    <subfield code="3">IT\ICCU\CNCT\005003</subfield>
    <subfield code="z">Mantegazza, Pietro Martire</subfield>
  </datafield>
  <datafield tag="791" ind1="0" ind2="0">
    <subfield code="a">Mantegatius, Petrus Martyr</subfield>
    <subfield code="3">IT\ICCU\CNCT\005004</subfield>
    <subfield code="z">Mantegazza, Pietro Martire</subfield>
  </datafield>
  <datafield tag="791" ind1="0" ind2="0">
    <subfield code="a">Mantegaza, Petro Martiro</subfield>
    <subfield code="3">IT\ICCU\CNCT\005005</subfield>
    <subfield code="z">Mantegazza, Pietro Martire</subfield>
  </datafield>
  <datafield tag="791" ind1="0" ind2="0">
    <subfield code="a">Mantegati, Petromartire di</subfield>
    <subfield code="3">IT\ICCU\CNCT\005006</subfield>
    <subfield code="z">Mantegazza, Pietro Martire</subfield>
  </datafield>
  <datafield tag="791" ind1="0" ind2="0">
    <subfield code="a">Mantegatio, Petro Martyre</subfield>
    <subfield code="3">IT\ICCU\CNCT\005007</subfield>
    <subfield code="z">Mantegazza, Pietro Martire</subfield>
  </datafield>
  <datafield tag="801" ind1=" " ind2="3">
    <subfield code="a">IT</subfield>
    <subfield code="b">ICCU</subfield>
    <subfield code="c">20201114</subfield>
  </datafield>
  <datafield tag="899" ind1=" " ind2=" ">
    <subfield code="a">Biblioteca nazionale Braidense. Milano</subfield>
    <subfield code="1">MI0185</subfield>
    <subfield code="2">MIL NB</subfield>
  </datafield>
</record>
</collection>
